@article{Zhao_2020,
  author    = {Jianjun Zhao},
  title     = {Quantum Software Engineering: Landscapes and Horizons},
  journal   = {CoRR},
  volume    = {abs/2007.07047},
  year      = {2020},
  url       = {https://arxiv.org/abs/2007.07047},
  archivePrefix = {arXiv},
  eprint    = {2007.07047},
  timestamp = {Tue, 21 Jul 2020 12:53:33 +0200},
  biburl    = {https://dblp.org/rec/journals/corr/abs-2007-07047.bib},
  bibsource = {dblp computer science bibliography, https://dblp.org}
}


@article{Shlen_2014,
  author    = {Jonathon Shlens},
  title     = {A Tutorial on Principal Component Analysis},
  journal   = {CoRR},
  volume    = {abs/1404.1100},
  year      = {2014},
  url       = {http://arxiv.org/abs/1404.1100},
  archivePrefix = {arXiv},
  eprint    = {1404.1100},
  timestamp = {Mon, 13 Aug 2018 16:46:55 +0200},
  biburl    = {https://dblp.org/rec/journals/corr/Shlens14.bib},
  bibsource = {dblp computer science bibliography, https://dblp.org}
}


@article{Lokho_2020,
  author    = {Patrick J. Coles and
               Stephan J. Eidenbenz and
               Scott Pakin and
               Adetokunbo Adedoyin and
               John Ambrosiano and
               Petr M. Anisimov and
               William Casper and
               Gopinath Chennupati and
               Carleton Coffrin and
               Hristo N. Djidjev and
               David Gunter and
               Satish Karra and
               Nathan Lemons and
               Shizeng Lin and
               Andrey Y. Lokhov and
               Alexander Malyzhenkov and
               David Dennis Lee Mascarenas and
               Susan M. Mniszewski and
               Balu Nadiga and
               Dan O'Malley and
               Diane Oyen and
               Lakshman Prasad and
               Randy Roberts and
               Philip Romero and
               Nandakishore Santhi and
               Nikolai Sinitsyn and
               Pieter Swart and
               Marc Vuffray and
               Jim Wendelberger and
               Boram Yoon and
               Richard J. Zamora and
               Wei Zhu},
  title     = {Quantum Algorithm Implementations for Beginners},
  journal   = {CoRR},
  volume    = {abs/1804.03719},
  year      = {2018},
  url       = {http://arxiv.org/abs/1804.03719},
  eprinttype = {arXiv},
  eprint    = {1804.03719},
  timestamp = {Wed, 14 Jul 2021 17:16:11 +0200},
  biburl    = {https://dblp.org/rec/journals/corr/abs-1804-03719.bib},
  bibsource = {dblp computer science bibliography, https://dblp.org}
}


@article{Huang_2019,
   title={Statistical assertions for validating patterns and finding bugs in quantum programs},
   ISBN={9781450366694},
   url={http://dx.doi.org/10.1145/3307650.3322213},
   DOI={10.1145/3307650.3322213},
   journal={Proceedings of the 46th International Symposium on Computer Architecture},
   publisher={ACM},
   author={Huang, Yipeng and Martonosi, Margaret},
   year={2019},
   month={Jun}
}


@article{Li_2019,
  author    = {Gushu Li and
               Li Zhou and
               Nengkun Yu and
               Yufei Ding and
               Mingsheng Ying and
               Yuan Xie},
  title     = {Poq: Projection-based Runtime Assertions for Debugging on a Quantum
               Computer},
  journal   = {CoRR},
  volume    = {abs/1911.12855},
  year      = {2019},
  url       = {http://arxiv.org/abs/1911.12855},
  eprinttype = {arXiv},
  eprint    = {1911.12855},
  timestamp = {Sat, 01 Feb 2020 12:57:48 +0100},
  biburl    = {https://dblp.org/rec/journals/corr/abs-1911-12855.bib},
  bibsource = {dblp computer science bibliography, https://dblp.org}
}


@article{Sahin_2020,
  author    = {Engin Sahin},
  title     = {Quantum arithmetic operations based on quantum Fourier transform on
               signed integers},
  journal   = {CoRR},
  volume    = {abs/2005.00443},
  year      = {2020},
  url       = {https://arxiv.org/abs/2005.00443},
  eprinttype = {arXiv},
  eprint    = {2005.00443},
  timestamp = {Fri, 08 May 2020 15:04:04 +0200},
  biburl    = {https://dblp.org/rec/journals/corr/abs-2005-00443.bib},
  bibsource = {dblp computer science bibliography, https://dblp.org}
}


@book{Niels_2010,
	title = {Quantum Computation and Quantum Information (10th Anniversary Edition)},
	author = {Michael A. Nielsen and Isaac L. Chuang},
	year = {2010},
	publisher = {CAMBRIDGE UNIVERSITY PRESS},
	address = {The Edinburgh Building, Cambridge CB2 8RU, UK},
	pages = {98-111}
}


@misc{Corte_2018,
  title={Loading Classical Data into a Quantum Computer},
  author={John A. Cortese and Timothy M. Braje},
  year={2018},
  eprint={1803.01958},
  archivePrefix={arXiv},
  primaryClass={quant-ph}
}


@misc{Daski_2015,
	title={Obtaining A Linear Combination of the Principal Components of a Matrix on Quantum Computers},
	author={Anmer Daskin},
	year={2015},
	eprint={1512.02109},
	archivePrefix={arXiv},
	primaryClass={quant-ph}
}


@misc{Jense_2020,
      title={Quantum Computation of Eigenvalues within Target Intervals},
      author={Phillip W. K. Jensen and Lasse Bjørn Kristensen and Jakob S. Kottmann and Alán Aspuru-Guzik},
      year={2020},
      eprint={2005.13434},
      archivePrefix={arXiv},
      primaryClass={quant-ph}
}


@misc{He_2021,
      title={A Low Complexity Quantum Principal Component Analysis Algorithm},
      author={Chen He and Jiazhen Li and Weiqi Liu and Z. Jane Wang},
      year={2021},
      eprint={2010.00831},
      archivePrefix={arXiv},
      primaryClass={quant-ph}
}


@misc{Qtb_Densit,
  title = {The Density Matrix \& Mixed States},
  author = {Qiskit Community},
	journal = {Qiskit Textbook},
  month = jun,
  year = {2021},
  howpublished = {\url{https://qiskit.org/textbook/ch-quantum-hardware/density-matrix.html}},
  note = {Accessed: 2021-09-03}
}


@misc{Qtb_Measu,
  title = {Representing Qubit States},
  author = {Qiskit Community},
	journal = {Qiskit Textbook},
  month = jun,
  year = {2021},
  howpublished = {\url{https://qiskit.org/textbook/ch-states/representing-qubit-states.html}},
  note = {Accessed: 2021-09-03}
}


@misc{Qtb_Qpe,
  title = {Quantum Phase Estimation},
	author = {Qiskit Community},
	journal = {Qiskit Textbook},
  month = jun,
  year = {2021},
  howpublished = {\url{https://qiskit.org/textbook/ch-algorithms/quantum-phase-estimation.html}},
  note = {Accessed: 2021-09-03}
}


@misc{Qtb_Grover,
  title = {Grover's Algorithm},
	author = {Qiskit Community},
	journal = {Qiskit Textbook},
  month = jun,
  year = {2021},
  howpublished = {\url{https://qiskit.org/textbook/ch-algorithms/grover.html}},
  note = {Accessed: 2021-09-03}
}


@misc{Wp_Swap,
  title = {Swap test},
	author = {Wikipedia},
  month = jul,
  year = {2021},
  howpublished = {\url{https://en.wikipedia.org/wiki/Swap_test}},
  note = {Accessed: 2021-09-03}
}


@misc{Cirq_Qft,
  title = {GitHub Quantum Programming},
	author = {quantumlib},
  month = jul,
  year = {2021},
  howpublished = {\url{https://github.com/quantumlib/Cirq/blob/master/cirq-core/cirq/ops/fourier_transform.py}},
  note = {Accessed: 2021-09-03}
}


@misc{github_repo,
  author = {hpi-sam},
  title = {GitHub Quantum Programming},
  abstract = {qpca},
  month = sep,
  year = {2021},
  howpublished = {\url{https://github.com/hpi-sam/QuantumProgramming}},
  note = {Accessed: 2021-09-03}
}


@misc{Wp_Swap_File,
  author = {Vtomole},
  title = {Quantum swap test circuit correct},
  abstract = {qpca},
  month = sep,
  year = {2017},
  publisher = {Wikimedia Commons},
  howpublished = {\url{https://en.wikipedia.org/wiki/File:Quantum-swap-test-circuit-correct.png}},
  note = {Accessed: 2021-09-17}
}


@misc{Wp_QPE_File,
  author = {Omrika},
  title = {PhaseCircuit crop},
  abstract = {qpca},
  year = {2020},
  publisher = {Wikimedia Commons},
  howpublished = {\url{https://en.wikipedia.org/wiki/File:PhaseCircuit-crop.svg}},
  note = {Accessed: 2021-09-17}
}

